@misc{cours,
    author = "Joseph Salmon",
    title = "Advanced Linear Models HMMA307",
    year = "2020",
    howpublished = "\url{http://josephsalmon.eu/HMMA307.html}",
}

@book{link,
  title="Linear Mixed Models in Linguistics and Psychology: A Comprehensive Introduction (DRAFT)",
  author="Shravan, Vasishth and Daniel, Schad and Audrey, Bürki and Reinhold, Kliegl",
  year="2020",
  howpublished = "\url{https://vasishth.github.io/Freq_CogSci/}"
}

@misc{link1,
    author = "Catherine, Baltazar and Dalal, Hanna and Jacob, Ziegler",
    title="Atelier 6: Modèles linéaires à effets mixtes",
    year="2019", 
    howpublished = "\url{https://wiki.qcbs.ca/r_atelier6}",
    }
    
@misc{link2,
    author = "Gabriela, K Hajduk",
    title="Introduction to linear mixed models",
    year="2019", 
    howpublished = "\url{https://ourcodingclub.github.io/tutorials/mixed-models/}",
    }