@misc{cours,
    author = "Joseph Salmon",
    title = "Advanced Linear Models HMMA307",
    year = "2020",
    howpublished = "\url{http://josephsalmon.eu/HMMA307.html}",
}

@book{link,
  title="Linear Mixed Models in Linguistics and Psychology: A Comprehensive Introduction (DRAFT)",
  author="Shravan, Vasishth and Daniel, Schad and Audrey, BÃ¼rki and Reinhold, Kliegl",
  year="2020",
  howpublished = "\url{https://vasishth.github.io/Freq_CogSci/}"
}